<?xml version="1.0" encoding="UTF-8"?><collection xmlns="http://www.loc.gov/MARC21/slim"><record><leader>00639nam--2200193-i-4500</leader><controlfield tag="001">000014724</controlfield><controlfield tag="002">20161230</controlfield><controlfield tag="005">20161230201031</controlfield><controlfield tag="008">060222s1000------------r-----000-0-eng-d</controlfield><datafield ind1=" " ind2=" " tag="040"><subfield code="a">IFIN-HH</subfield></datafield><datafield ind1=" " ind2=" " tag="080"><subfield code="a">538.958(075.9)</subfield></datafield><datafield ind1="1" ind2=" " tag="100"><subfield code="a">Kubo, Ryogo</subfield></datafield><datafield ind1="1" ind2="0" tag="245"><subfield code="a">Dynamical processes in solid state optics</subfield><subfield code="b">1966 tokyo summer lectures in theoretical physics part i</subfield><subfield code="c">Ryogo kubo, hiroshi kamimura (eds.)</subfield></datafield><datafield ind1=" " ind2=" " tag="260"><subfield code="a">New York</subfield><subfield code="b">W.A.Benjamin, Inc</subfield><subfield code="c">1967</subfield></datafield><datafield ind1=" " ind2=" " tag="300"><subfield code="a">VII+245P</subfield></datafield><datafield ind1=" " ind2=" " tag="490"><subfield code="a">1966 Tokyo Summer Lectures In Theoretical Physics</subfield><subfield code="v">Part I</subfield></datafield><datafield ind1="1" ind2=" " tag="700"><subfield code="a">Kamimura, Hirochi</subfield><subfield code="e">Ed</subfield></datafield><datafield ind1=" " ind2=" " tag="852"><subfield code="a">75205</subfield><subfield code="c">539.2</subfield></datafield><datafield ind1=" " ind2=" " tag="CAT"><subfield code="a">Sys</subfield><subfield code="c">20121123</subfield><subfield code="h">141403</subfield></datafield></record></collection>